@article{reich2013modular,
  title={{Modular SDN Programming with Pyretic}},
author={Reich, Joshua and Monsanto, Christopher and Foster, Nate and Rexford,
Jennifer and Walker, David},
  journal={USENIX; login},
  volume={38},
  number={5},
  pages={128--134},
  year={2013}
}


@Misc{clark:nanog66,
author = 	 {David Clark},
title = 	 {Keynote: Internet Measurement},
howpublished = {\url{https://youtu.be/2GE8qShOoJ4?t=6m53s}},
month = 	 feb,
year = 	 2016,
note = 	 {Comments on interconnection congestion start at 6:53.},
}

@inproceedings{sundaresan2011,
author = "S. Sundaresan and W. de Donato and N. Feamster and R. Teixeira and S. Crawford and A. Pescap\`{e}",
title = "Broadband Internet Performance: A View from the Gateway",
crossref = "sigcomm2011"
}

@proceedings{sigcomm2011,
  booktitle = SIGCOMM, address="Toronto, Ontario, Canada",
  month = aug, year = 2011
}

@misc{www-mlab,
  key = "mlab",
  title = "{Measurement Lab}",
  howpublished = "\url{http://measurementlab.net}",
}

@misc{www-bismark,
  key = "bismark",
  title = "{BISMark: Broadband Internet Service Benchmark}",
  note = "\url{http://projectbismark.net/}"
}

@misc{www-ndt,
  title = "{Network Diagnostic Tool}",
  author = "Richard Carlson",
  howpublished = "\url{http://e2epi.internet2.edu/ndt/}"
}

@misc{www-mba,
key = "mba",
title = "{Measuring Broadband America}",
note = "{Federal Communications Commission}",
howpublished = "\url{https://www.fcc.gov/general/measuring-broadband-america}"
}

@TechReport{fcc-att,
  author = 	 {Maureen Jeffreys},
  title = 	 {Compliance Filing 14-90},
  institution =  {Federal Communications Commission},
  year = 	 2015,
  month = 	 dec,
  note = "\url{http://apps.fcc.gov/ecfs/document/view?id=60001396715}"
}


@misc{www-caida,
key = "caida",
title = "{Cooperative Association for Internet Data Analysis (CAIDA)}",
howpublished = "\url{https://www.caida.org/}"
}

@misc{www-deepfield,
key = "deepfield",
title = "{DeepField Networks}",
howpublished = "\url{https://www.deepfield.com/}"
}


@Manual{rfc7011,
  title = 	 "{Specification of the IP Flow Information Export (IPFIX) Protocol for the Exchange of Flow Information}",
  author = 	 {B. Claise and B. Trammell and P. Aitken},
  organization = {Internet Engineering Task Force},
  month = 	 sep,
  year = 	 2013,
  note = 	 {\url{https://datatracker.ietf.org/doc/rfc7011/}},
}


@article{vardi1996network,
  title={Network tomography: Estimating source-destination traffic intensities from link data},
  author={Vardi, Yehuda},
  journal={Journal of the American Statistical Association},
  volume={91},
  number={433},
  pages={365--377},
  year={1996},
}

@inproceedings{coates2001network,
  title={Network tomography for internal delay estimation},
  author={Coates, Mark J and Nowak, Robert D},
  booktitle={Acoustics, Speech, and Signal Processing, 2001. Proceedings.(ICASSP'01). 2001 IEEE International Conference on},
  volume={6},
  pages={3409--3412},
  year={2001},
  organization={IEEE}
}

@TechReport{mlab-congestion,
  key = "mlab-congestion",
  title = 	 "{ISP Interconnection and its Impact on Consumer Internet Performance}",
  institution =  {Measurement Lab},
  year = 	 2014,
  month = 	 oct,
  note = 	 {\url{http://www.measurementlab.net/static/observatory/M-Lab_Interconnection_Study_US.pdf}},
}

@misc{ftt-congestion-2015,
  author = 	 {Nick Feamster},
  title = 	 "{Where is Internet Congestion Occurring?}",
  year = 	 2015,
  month = 	 apr,
  note = 	 {\url{https://freedom-to-tinker.com/blog/feamster/where-is-internet-congestion-occurring/}},
}

@misc{kilmer2014,
author = "Hank Kilmer",
title = "{M-Labs data and Cogent DSCP markings}",
year = 2014,
month = nov,
note = {\url{https://goo.gl/9m8Kk5}}
}


@misc{www-citp-interconnection,
key = "Interconnection Measurement Project",
title = "{Interconnection Measurement Project}",
howpublished = "\url{http://interconnection.citp.princeton.edu/}"
}
